<?xml version="1.0" encoding="UTF-8"?><collection xmlns="http://www.loc.gov/MARC21/slim"><record><leader>00399nam--2200145-i-4500</leader><controlfield tag="001">000033021</controlfield><controlfield tag="002">20161230</controlfield><controlfield tag="005">20161230201039</controlfield><controlfield tag="008">060222s1000------------r-----000-0-eng-d</controlfield><datafield ind1=" " ind2=" " tag="080"><subfield code="a">514.1</subfield></datafield><datafield ind1=" " ind2=" " tag="100"><subfield code="a">Mihalescu, C</subfield></datafield><datafield ind1=" " ind2=" " tag="245"><subfield code="a">Geometria elementelor remarcabile. citeva puncte, drepte si cercuri</subfield></datafield><datafield ind1=" " ind2=" " tag="260"><subfield code="a">Bucuresti, Ed.Tehnica, 1957. 523p</subfield></datafield><datafield ind1=" " ind2=" " tag="852"><subfield code="a">47541</subfield><subfield code="c">513</subfield></datafield><datafield ind1=" " ind2=" " tag="CAT"><subfield code="a">Sys</subfield><subfield code="c">20080528</subfield><subfield code="h">111035</subfield></datafield></record></collection>